<record><leader>00000cas a22000007a 4500</leader><controlfield tag="001">13913158</controlfield><controlfield tag="008">860722d19151943txuwr ne      0    0eng d</controlfield><datafield ind1=" " ind2=" " tag="010"><subfield code="a">sn 86088012 </subfield></datafield><datafield ind1=" " ind2=" " tag="040"><subfield code="a">PPM</subfield><subfield code="b">eng</subfield><subfield code="c">PPM</subfield><subfield code="d">OCLCQ</subfield></datafield><datafield ind1=" " ind2=" " tag="042"><subfield code="a">msc</subfield></datafield><datafield ind1="0" ind2="4" tag="245"><subfield code="a">The Texas spur and Dickens item.</subfield></datafield><datafield ind1="3" ind2="0" tag="246"><subfield code="a">Texas spur</subfield></datafield><datafield ind1="3" ind2="0" tag="246"><subfield code="a">Texas spur and the Dickens item</subfield></datafield><datafield ind1=" " ind2=" " tag="260"><subfield code="a">Spur, Tex. :</subfield><subfield code="b">Mrs. Oran McClure &amp; Thorne Smith,</subfield><subfield code="c">1915-</subfield></datafield><datafield ind1=" " ind2=" " tag="300"><subfield code="a">v. :</subfield><subfield code="b">ill. ;</subfield><subfield code="c">55 cm.</subfield></datafield><datafield ind1=" " ind2=" " tag="310"><subfield code="a">Weekly</subfield></datafield><datafield ind1="0" ind2=" " tag="362"><subfield code="a">Vol. 6, no. 18 (Mar. 5, 1915)-</subfield></datafield><datafield ind1="1" ind2=" " tag="362"><subfield code="a">Ceased in 1943.</subfield></datafield><datafield ind1=" " ind2=" " tag="500"><subfield code="a">Publisher: Oran McClure &lt;1934&gt;</subfield></datafield><datafield ind1=" " ind2=" " tag="580"><subfield code="a">Formed by the union of: Texas spur, and: Dickens item.</subfield></datafield><datafield ind1=" " ind2=" " tag="752"><subfield code="a">United States</subfield><subfield code="b">Texas</subfield><subfield code="c">Dickens</subfield><subfield code="d">Spur.</subfield></datafield><datafield ind1="1" ind2="4" tag="780"><subfield code="t">Texas spur</subfield></datafield><datafield ind1="1" ind2="4" tag="780"><subfield code="t">Dickens item</subfield></datafield><datafield ind1="0" ind2="0" tag="785"><subfield code="t">Texas spur (Spur, Tex.: 1943)</subfield></datafield></record>